<?xml version="1.0" encoding="UTF-8"?><record xmlns="http://www.loc.gov/MARC21/slim" xmlns:cinclude="http://apache.org/cocoon/include/1.0" xmlns:zs="http://www.loc.gov/zing/srw/">
  <leader>00426nz  a2200121n  4500</leader>
  <controlfield tag="001">nr 93049138 </controlfield>
  <controlfield tag="003">DLC</controlfield>
  <controlfield tag="005">19931203055325.7</controlfield>
  <controlfield tag="008">931130n| acannaab|          |n aaa     c</controlfield>
  <datafield tag="010" ind1=" " ind2=" ">
    <subfield code="a">nr 93049138 </subfield>
  </datafield>
  <datafield tag="040" ind1=" " ind2=" ">
    <subfield code="a">NjP</subfield>
    <subfield code="c">NjP</subfield>
  </datafield>
  <datafield tag="100" ind1="1" ind2="0">
    <subfield code="a">Schlenker, Gerlinde</subfield>
  </datafield>
  <datafield tag="670" ind1=" " ind2=" ">
    <subfield code="a">Geschichte Sachsen-Anhalts, c1993-:</subfield>
    <subfield code="b">Bd. 1, t.p. verso (Dr. habil. Gerlinde Schlenker) p. 221 (Institut fuĚr Geschichte der Martin-Luther-UniversitaĚt Halle-Wittenberg)</subfield>
  </datafield>
</record>